@Book{ persona,
	title = "About Face, The essentials of interaction Design",
	author = "Alan Cooper and Robert Reimann and David Cronin",
	publisher = "Wiley Publishing, Inc",
	address = "10475 Crosspoint Boulevard, Indianapolis, IN 46256",
	year = "2007",
	isbn = "978-0-470-08411-3 "
}

@MastersThesis{ bernard,
	title = "WikiHEE : A 2.0 website on the health, environmental and ethical impact of any retail stores' product",
	author = "Bernard Cornet and Xavier de Villepin",
	school = "Louvain School of Management",
	year = "2010"
}

@MastersThesis{ gab,
	title = "{\'E}laboration d'une m{\'e}thodologie de notation des aliments dans le cadre du projet \wikihee",
	author = "Gabrielle Louradour",
	school = "institut Paul Lambin",
	year = "2010"
}

@Misc{ volere,
	title = "Volere Requirements Techniques: an Overview",
	url = "http://www.volere.co.uk/pdf%20files/01%20Volere%20Overview.pdf",
	publisher = "The Atlantic Systems Guild",
	author = "James \& Suzanne Robertson",
	year = "2008"
}



@Manual{ rescue,
	title = "The RESCUE Requirements Engineering Process : an integrated user-centred requirements engineering process",
	author = "Professor Neil Maiden and Dr Sara Jones",
	organization = "Centre for human-computer interaction design",
	address = "CITY UNIVERSITY, NORTHAMPTON SQUARE, LONDON, EC1V OHB, UK",
	edition = "Version 4.1 ",
	month = "F{\'e}vrier",
	year = "2004"
}

@Book{ iso9126_schema2,
	title = "{ISO} 9126 - {StudyWiki}",
	publisher = "\url{http://www.chrisbunney.com/wiki/index.php/ISO_9126}",
	url = "http://www.chrisbunney.com/wiki/index.php/ISO_9126",
	howpublished = "{http://www.chrisbunney.com/wiki/index.php/ISO\\\\\\\\\_9126}"
}

@Book{ iso9126_schema,
	title = "Design of Software Measures",
	isbn = "9780470597200",
	publisher = "{Wiley-IEEE}",
	author = "Alain Abran",
	year = "2010",
	pages = "208"
}

@Book{ Passin-semanticweb,
	title = "Explorer's guide to the Semantic Web",
	isbn = "9781932394207",
	publisher = "Manning Publications Co",
	author = "Thomas B. Passin",
	month = aug,
	year = "2004",
	pages = "3"
}

@Book{ androidbook,
	title = "L'art du d{\'e}veloppement Android",
	author = "Mark Murphy",
	publisher = "Pearson Education France",
	year = "2009",
	isbn = "978-2-7440-2382-8"
}

@Book{ continuous-integration-def,
	title = "Continuous Integration",
	publisher = "\url{http://www.martinfowler.com/articles/continuousIntegration.html}",
	author = "Martin Fowler",
	howpublished = "{http://www.martinfowler.com/articles/continuousIntegration.html}",
	year = "2006"
}

@Book{ continuous-integration,
	publisher = "Addison-Wesley",
	title = "Continuous Integration",
	isbn = "9788131722916",
	author = "Duvall Paul and Steve Matyas and Andrew Glover"
}

@Book{ antoniou-semantic,
	title = "A semantic Web primer",
	isbn = "9780262012102",
	publisher = "{MIT} Press",
	author = "Grigoris Antoniou and Frank Van Harmelen",
	month = apr,
	year = "2004",
	pages = "264"
}

@Book{ androiddoc,
	author = "Open Hanset Alliance",
	title = "android developpers",
	publisher = "\url{http://developer.android.com/guide/topics/fundamentals.html}",
	month = jun,
	year = "2010"
}

@Book{ iphonebook,
	title = "Beginning iPhone Development: Exploring the iPhone SDK",
	author = "Dave Mark and Jeff LaMarche",
	month = nov,
	year = "2008",
	publisher = "Apress"
}

@Book{ iphonebook2,
	title = "IPhone SDK Development",
	author = "Bill Dudney and Chris Adamson",
	publisher = "The Pragmatic Programmers",
	month = oct,
	year = "2009",
	isbn = "9781934356258"
}

@Misc{ recommandation1,
	author = "Badrul Sarwar and George Karypis and Joseph Konstan and John Rield",
	title = "Analysis of Recommendation Algorithms for E-Commerce",
	year = "2000"
}

@InProceedings{ recommandation2,
	author = "L. Ungar and D. Foster",
	booktitle = "Proceedings of the Workshop on Recommendation Systems",
	citeulike-article-id = "493562",
	citeulike-linkout-0 = "http://citeseerx.ist.psu.edu/viewdoc/summary?doi=10.1.1.33.4026",
	keywords = "clustering, recommendations",
	posted-at = "2006-02-03 17:36:16",
	priority = "0",
	publisher = "AAAI Press, Menlo Park California",
	title = "Clustering Methods For Collaborative Filtering",
	url = "http://citeseerx.ist.psu.edu/viewdoc/summary?doi=10.1.1.33.4026",
	year = "1998"
}

@InProceedings{ recommandation3,
	author = "Slobodan Vucetic and Zoran Obradovic",
	title = "A Regression-Based Approach for Scaling-Up Personalized Recommender Systems in E-Commerce",
	booktitle = "In: ACM WebKDD 2000 Web",
	year = "2000"
}

@InProceedings{ toro1999requirements,
	title = "{A Requirements Elicitation Approach Based in Templates and Patterns}",
	author = "A.D. Toro and B.B. Jim{\'e}nez and A.R. Cort{\'e}s and M.T. Bonilla",
	booktitle = "Proc. Ibero-American Workshop on Requirements Engineering WER99",
	pages = "9--10",
	year = "1999",
	organization = "Citeseer"
}

@Misc{ respectit2007,
	title = "A {KAOS} Tutorial",
	url = "http://www.objectiver.com/fileadmin/download/documents/KaosTutorial.pdf",
	author = "{Respect-IT}",
	month = oct,
	year = "2007"
}

@Article{ lamsweerde2004object,
	title = "{From object orientation to goal orientation: A paradigm shift for requirements engineering}",
	author = "A. Lamsweerde and E. Letier",
	journal = "Radical Innovations of Software and Systems Engineering in the Future",
	year = "2004",
	publisher = "Springer"
}

@Article{ dardenne1993goal,
	title = "{Goal-directed requirements acquisition}",
	author = "A. Dardenne and A. Lamsweerde and S. Fickas",
	journal = "Science of computer programming",
	volume = "20",
	number = "1-2",
	year = "1993"
}

@Article{ anton96goal,
	title = "{Goal-based requirements analysis}",
	author = "A.I. Anton",
	journal = "Proceedings oflCRE",
	volume = "96",
	pages = "136",
	publisher = "Citeseer",
	year = "1996"
}

@Book{ ibm,
	title = "IBM Computer Usability Satisfaction Questionnaires: Psychometric Evaluation and Instructions for Use",
	author = "James R. Lewis and Human Factors Group and FL {Boca Raton}",
	publisher = "IBM Corporation ",
	year = "1993 "
}

@Book{ ergo1,
	title = "Ergonomie du web: crit{\`e}res ergonomiques de Scapin et Bastien",
	author = "Alain Robillard-Bastien",
	publisher = "\url{http://www.ergoweb.ca/criteres.html} vision{\'e} le 18 juin 2010 ",
	year = "2010"
}

@Book{ pearson,
	title = "Pearson product-moment correlation coefficient - Wikipedia, the free encyclopedia",
	author = "Wikipedia",
	publisher = "\url{http://en.wikipedia.org/wiki/Pearson_correlation_coefficient} vision{\'e} le 10 août 2010 ",
	year = "2010"
}

@Book{ knn,
	title = "k-nearest neighbor algorithm - Wikipedia, the free encyclopedia",
	author = "Wikipedia",
	publisher = "\url{http://en.wikipedia.org/wiki/K-nearest_neighbor_algorithm} vision{\'e} le 10 août 2010 ",
	year = "2010"
}

@Book{ kmeans,
	title = "k-means clustering - Wikipedia, the free encyclopedia",
	author = "Wikipedia.org",
	publisher = "\url{http://en.wikipedia.org/wiki/K-means_clustering} vision{\'e} le 10 août 2010 ",
	year = "2010"
}

@Book{ xzing,
	title = "Barcodes for iPhone, iPod touch, and iPad on the iTunes App Store",
	author = "Christian Brunschen",
	publisher = "\url{http://itunes.apple.com/app/barcodes/id292197557?mt=8} vision{\'e} le 11 août 2010 ",
	year = "2008"
}

@Book{ jspwiki,
	title = "JSPwiki : Main",
	author = "JSPwiki.org",
	publisher = "\url{http://www.jspwiki.org} vision{\'e} le 25 octobre 2009 ",
	year = "2009"
}

@Book{ mediawiki,
	title = "MediaWiki",
	author = "MediaWiki.org",
	publisher = "\url{http://www.mediawiki.org} vision{\'e} le 22 octobre 2009 ",
	year = "2007"
}

@Book{ drupal,
	title = "Drupal France et francophonie",
	author = "drupalfr.org",
	publisher = "\url{http://drupalfr.org} vision{\'e} le 22 octobre 2009 ",
	year = "2009"
}

@Manual{ iso9126,
	title = "ISO 9126",
	description = "Technologies de l'information - Évaluation des produits logiciels - Caractéristiques de qualité et directives d'utilisation",
	publisher = "ISO, Genève",
	author = "ISO",
	address = "Genève",
	organization = "Organisation Internationale de Standardisation",
	year = "1991"
}

@book{krug_dont_2006,
	title = {Don't make me think!: a common sense approach to web usability},
	isbn = {9780321344755},
	shorttitle = {Don't make me think!},
	publisher = {New Riders},
	author = {Steve Krug},
	year = {2006},
	pages = {220}
},


@Book{ danone,
	title = "Sur les GDA et AJR",
	author = "Danone.be",
	publisher = "\url{http://www.danone.be/fr/sur-les-gda-et-ajr} vision{\'e} le 18 juiller 2010 ",
	year = "2010"
}

@book{weinschenkneuro2009,
	title = {Neuro web design: what makes them click?},
	isbn = {9780321603609},
	shorttitle = {Neuro web design},
	publisher = {Peachpit Press},
	author = {Susan Weinschenk},
	month = jan,
	year = {2009},
	pages = {169}
}

@Book{ volereurl,
	title = {Volere Requirements Resources},
	author = "Atlantic Systems Guild",
	publisher = "\url{http://www.volere.co.uk} vision{\'e} le 7 novembre 2009",
	year = "2009"
}


@Book{ buisness,
	title = {L’iPhone compte plus de 10 millions d’utilisateurs en Europe},
	author = "businessMOBILE.fr",
	publisher = "\url{http://www.businessmobile.fr/actualites/l-iphone-compte-plus-de-10-millions-d-utilisateurs-en-europe-39752663.htm} vision{\'e} le 26 juin 2010",
	year = "2010"
}


@Book{ eco,
	title = {Part de marché : Android dépasse l’iPhone aux Etats-Unis},
	author = "Eco-Conscient.com",
	publisher = "\url{http://www.eco-conscient.com/art-461-part-de-marche-android-depasse-liphone-aux-etats-unis.html} vision{\'e} le 14 juin 2010",
	year = "2010"
}
